@article{sanfilippo2015controlling,
  title={Controlling Kuka industrial robots: Flexible communication interface JOpenShowVar},
  author={Sanfilippo, Filippo and Hatledal, Lars Ivar and Zhang, Houxiang and Fago, Massimiliano and Pettersen, Kristin Y},
  journal={IEEE robotics \& automation magazine},
  volume={22},
  number={4},
  pages={96--109},
  year={2015},
  publisher={IEEE}
}