@article{jiang2021industrial,
  title={Industrial applications of digital twins},
  author={Jiang, Yuchen and Yin, Shen and Li, Kuan and Luo, Hao and Kaynak, Okyay},
  journal={Philosophical Transactions of the Royal Society A},
  volume={379},
  number={2207},
  pages={20200360},
  year={2021},
  publisher={The Royal Society Publishing}
}