@article{sanfilippo2015controlling,
  title={Controlling Kuka industrial robots: Flexible communication interface JOpenShowVar},
  author={Sanfilippo, Filippo and Hatledal, Lars Ivar and Zhang, Houxiang and Fago, Massimiliano and Pettersen, Kristin Y},
  journal={IEEE robotics \& automation magazine},
  volume={22},
  number={4},
  pages={96--109},
  year={2015},
  publisher={IEEE}
}
@misc{openkuka_system_variables,
  author       = {OpenKuka},
  title        = {System Variables in KRL (KUKA Robot Language)},
  year         = {n.d.},
  howpublished = {\url{https://github.com/OpenKuka/openkuka.github.io/blob/master/krl/reference/yaml/System.Variables.yml}},
  note         = {Accessed: 2024-08-09}
}