@misc{ros2_joint_trajectory_controller,
  title = {Joint Trajectory Controller — ROS 2 Controllers Documentation},
  year = {2024},
  url = {https://control.ros.org/foxy/doc/ros2_controllers/joint_trajectory_controller/doc/userdoc.html#hardware-interface-type},
  note = {Accessed: 2024-12-01}
}
@misc{ros2_joint_trajectory_trajectory,
  title = {Joint Trajectory Controller — Trajectory Documentation},
  year = {2024},
  url = {https://control.ros.org/jazzy/doc/ros2_controllers/joint_trajectory_controller/doc/trajectory.html},
  note = {Accessed: 2024-12-01}
}