@misc{ros2controllers,
  title = {ROS 2 Controllers Documentation},
  howpublished = {\url{https://control.ros.org/humble/doc/ros2_controllers/doc/controllers_index.html}},
  author = {R. Hollenbeck et al.},
  year = {2024},
  note = "[Online; accessed 13-09-2024]"
}
@misc{ros2controllersarch,
  title = {ROS 2 Controllers Architecture},
  howpublished = {\url{https://control.ros.org/humble/doc/getting_started/getting_started.html}},
  author = {R. Hollenbeck et al.},
  year = {2024},
  note = "[Online; accessed 13-09-2024]"
}
@misc{ros2controllersoverview,
  title = {ROS 2 Controllers Overview},
  howpublished = {\url{https://fjp.at/posts/ros/ros-control/}},
  author = {fjp},
  year = {2024},
  note = "[Online; accessed 13-09-2024]"
}